%YAML 1.1
%TAG !u! tag:unity3d.com,2011:
--- !u!1 &4244780251179360022
GameObject:
  m_ObjectHideFlags: 0
  m_CorrespondingSourceObject: {fileID: 0}
  m_PrefabInstance: {fileID: 0}
  m_PrefabAsset: {fileID: 0}
  serializedVersion: 6
  m_Component:
  - component: {fileID: 4244780251179360023}
  - component: {fileID: 4244780251179360041}
  - component: {fileID: 4244780251179360040}
  m_Layer: 5
  m_Name: ScoreBoard
  m_TagString: Untagged
  m_Icon: {fileID: 0}
  m_NavMeshLayer: 0
  m_StaticEditorFlags: 0
  m_IsActive: 1
--- !u!224 &4244780251179360023
RectTransform:
  m_ObjectHideFlags: 0
  m_CorrespondingSourceObject: {fileID: 0}
  m_PrefabInstance: {fileID: 0}
  m_PrefabAsset: {fileID: 0}
  m_GameObject: {fileID: 4244780251179360022}
  m_LocalRotation: {x: 0, y: 0, z: 0, w: 1}
  m_LocalPosition: {x: 0, y: 0, z: 0}
  m_LocalScale: {x: 1, y: 1, z: 1}
  m_Children:
  - {fileID: 4244780252618807915}
  m_Father: {fileID: 0}
  m_RootOrder: 0
  m_LocalEulerAnglesHint: {x: 0, y: 0, z: 0}
  m_AnchorMin: {x: 0, y: 0}
  m_AnchorMax: {x: 1, y: 1}
  m_AnchoredPosition: {x: -324.92, y: 148.62}
  m_SizeDelta: {x: -674.47, y: -325.03}
  m_Pivot: {x: 0.5, y: 0.5}
--- !u!222 &4244780251179360041
CanvasRenderer:
  m_ObjectHideFlags: 0
  m_CorrespondingSourceObject: {fileID: 0}
  m_PrefabInstance: {fileID: 0}
  m_PrefabAsset: {fileID: 0}
  m_GameObject: {fileID: 4244780251179360022}
  m_CullTransparentMesh: 0
--- !u!114 &4244780251179360040
MonoBehaviour:
  m_ObjectHideFlags: 0
  m_CorrespondingSourceObject: {fileID: 0}
  m_PrefabInstance: {fileID: 0}
  m_PrefabAsset: {fileID: 0}
  m_GameObject: {fileID: 4244780251179360022}
  m_Enabled: 1
  m_EditorHideFlags: 0
  m_Script: {fileID: -765806418, guid: f70555f144d8491a825f0804e09c671c, type: 3}
  m_Name: 
  m_EditorClassIdentifier: 
  m_Material: {fileID: 0}
  m_Color: {r: 0.08928369, g: 0.051886797, b: 1, a: 0.392}
  m_RaycastTarget: 1
  m_OnCullStateChanged:
    m_PersistentCalls:
      m_Calls: []
    m_TypeName: UnityEngine.UI.MaskableGraphic+CullStateChangedEvent, UnityEngine.UI,
      Version=1.0.0.0, Culture=neutral, PublicKeyToken=null
  m_Sprite: {fileID: 10907, guid: 0000000000000000f000000000000000, type: 0}
  m_Type: 1
  m_PreserveAspect: 0
  m_FillCenter: 1
  m_FillMethod: 4
  m_FillAmount: 1
  m_FillClockwise: 1
  m_FillOrigin: 0
  m_UseSpriteMesh: 0
--- !u!1 &4244780252618807914
GameObject:
  m_ObjectHideFlags: 0
  m_CorrespondingSourceObject: {fileID: 0}
  m_PrefabInstance: {fileID: 0}
  m_PrefabAsset: {fileID: 0}
  serializedVersion: 6
  m_Component:
  - component: {fileID: 4244780252618807915}
  - component: {fileID: 4244780252618807916}
  m_Layer: 5
  m_Name: Scores
  m_TagString: Untagged
  m_Icon: {fileID: 0}
  m_NavMeshLayer: 0
  m_StaticEditorFlags: 0
  m_IsActive: 1
--- !u!224 &4244780252618807915
RectTransform:
  m_ObjectHideFlags: 0
  m_CorrespondingSourceObject: {fileID: 0}
  m_PrefabInstance: {fileID: 0}
  m_PrefabAsset: {fileID: 0}
  m_GameObject: {fileID: 4244780252618807914}
  m_LocalRotation: {x: -0, y: -0, z: -0, w: 1}
  m_LocalPosition: {x: 0, y: 0, z: 0}
  m_LocalScale: {x: 1, y: 1, z: 1}
  m_Children:
  - {fileID: 4244780251760856097}
  - {fileID: 7052590614682108080}
  - {fileID: 7052590614639386407}
  - {fileID: 7052590615741494324}
  - {fileID: 7052590615459558592}
  - {fileID: 7052590615191802701}
  m_Father: {fileID: 4244780251179360023}
  m_RootOrder: 0
  m_LocalEulerAnglesHint: {x: 0, y: 0, z: 0}
  m_AnchorMin: {x: 0.5, y: 0.5}
  m_AnchorMax: {x: 0.5, y: 0.5}
  m_AnchoredPosition: {x: -1.6799927, y: -1.5199585}
  m_SizeDelta: {x: 100, y: 100}
  m_Pivot: {x: 0.5, y: 0.5}
--- !u!114 &4244780252618807916
MonoBehaviour:
  m_ObjectHideFlags: 0
  m_CorrespondingSourceObject: {fileID: 0}
  m_PrefabInstance: {fileID: 0}
  m_PrefabAsset: {fileID: 0}
  m_GameObject: {fileID: 4244780252618807914}
  m_Enabled: 1
  m_EditorHideFlags: 0
  m_Script: {fileID: 11500000, guid: 7e32363782e3008428d16dbeeb3d760b, type: 3}
  m_Name: 
  m_EditorClassIdentifier: 
  wallets: []
  scores: []
--- !u!1001 &4244780251961708950
PrefabInstance:
  m_ObjectHideFlags: 0
  serializedVersion: 2
  m_Modification:
    m_TransformParent: {fileID: 4244780252618807915}
    m_Modifications:
    - target: {fileID: 6572907904241029415, guid: 8c32640ae461f14439bdfae3ef1ec5c8,
        type: 3}
      propertyPath: m_Name
      value: Score2
      objectReference: {fileID: 0}
    - target: {fileID: 6572907904241029414, guid: 8c32640ae461f14439bdfae3ef1ec5c8,
        type: 3}
      propertyPath: m_LocalPosition.x
      value: 0
      objectReference: {fileID: 0}
    - target: {fileID: 6572907904241029414, guid: 8c32640ae461f14439bdfae3ef1ec5c8,
        type: 3}
      propertyPath: m_LocalPosition.y
      value: 0
      objectReference: {fileID: 0}
    - target: {fileID: 6572907904241029414, guid: 8c32640ae461f14439bdfae3ef1ec5c8,
        type: 3}
      propertyPath: m_LocalPosition.z
      value: 0
      objectReference: {fileID: 0}
    - target: {fileID: 6572907904241029414, guid: 8c32640ae461f14439bdfae3ef1ec5c8,
        type: 3}
      propertyPath: m_LocalRotation.x
      value: -0
      objectReference: {fileID: 0}
    - target: {fileID: 6572907904241029414, guid: 8c32640ae461f14439bdfae3ef1ec5c8,
        type: 3}
      propertyPath: m_LocalRotation.y
      value: -0
      objectReference: {fileID: 0}
    - target: {fileID: 6572907904241029414, guid: 8c32640ae461f14439bdfae3ef1ec5c8,
        type: 3}
      propertyPath: m_LocalRotation.z
      value: -0
      objectReference: {fileID: 0}
    - target: {fileID: 6572907904241029414, guid: 8c32640ae461f14439bdfae3ef1ec5c8,
        type: 3}
      propertyPath: m_LocalRotation.w
      value: 1
      objectReference: {fileID: 0}
    - target: {fileID: 6572907904241029414, guid: 8c32640ae461f14439bdfae3ef1ec5c8,
        type: 3}
      propertyPath: m_RootOrder
      value: 1
      objectReference: {fileID: 0}
    - target: {fileID: 6572907904241029414, guid: 8c32640ae461f14439bdfae3ef1ec5c8,
        type: 3}
      propertyPath: m_LocalEulerAnglesHint.x
      value: 0
      objectReference: {fileID: 0}
    - target: {fileID: 6572907904241029414, guid: 8c32640ae461f14439bdfae3ef1ec5c8,
        type: 3}
      propertyPath: m_LocalEulerAnglesHint.y
      value: 0
      objectReference: {fileID: 0}
    - target: {fileID: 6572907904241029414, guid: 8c32640ae461f14439bdfae3ef1ec5c8,
        type: 3}
      propertyPath: m_LocalEulerAnglesHint.z
      value: 0
      objectReference: {fileID: 0}
    - target: {fileID: 6572907904241029414, guid: 8c32640ae461f14439bdfae3ef1ec5c8,
        type: 3}
      propertyPath: m_AnchoredPosition.x
      value: -13
      objectReference: {fileID: 0}
    - target: {fileID: 6572907904241029414, guid: 8c32640ae461f14439bdfae3ef1ec5c8,
        type: 3}
      propertyPath: m_AnchoredPosition.y
      value: 33.2
      objectReference: {fileID: 0}
    - target: {fileID: 6572907904241029414, guid: 8c32640ae461f14439bdfae3ef1ec5c8,
        type: 3}
      propertyPath: m_SizeDelta.x
      value: 100
      objectReference: {fileID: 0}
    - target: {fileID: 6572907904241029414, guid: 8c32640ae461f14439bdfae3ef1ec5c8,
        type: 3}
      propertyPath: m_SizeDelta.y
      value: 16.65
      objectReference: {fileID: 0}
    - target: {fileID: 6572907904241029414, guid: 8c32640ae461f14439bdfae3ef1ec5c8,
        type: 3}
      propertyPath: m_AnchorMin.x
      value: 0.5
      objectReference: {fileID: 0}
    - target: {fileID: 6572907904241029414, guid: 8c32640ae461f14439bdfae3ef1ec5c8,
        type: 3}
      propertyPath: m_AnchorMin.y
      value: 0.5
      objectReference: {fileID: 0}
    - target: {fileID: 6572907904241029414, guid: 8c32640ae461f14439bdfae3ef1ec5c8,
        type: 3}
      propertyPath: m_AnchorMax.x
      value: 0.5
      objectReference: {fileID: 0}
    - target: {fileID: 6572907904241029414, guid: 8c32640ae461f14439bdfae3ef1ec5c8,
        type: 3}
      propertyPath: m_AnchorMax.y
      value: 0.5
      objectReference: {fileID: 0}
    - target: {fileID: 6572907904241029414, guid: 8c32640ae461f14439bdfae3ef1ec5c8,
        type: 3}
      propertyPath: m_Pivot.x
      value: 0.5
      objectReference: {fileID: 0}
    - target: {fileID: 6572907904241029414, guid: 8c32640ae461f14439bdfae3ef1ec5c8,
        type: 3}
      propertyPath: m_Pivot.y
      value: 0.5
      objectReference: {fileID: 0}
    m_RemovedComponents: []
  m_SourcePrefab: {fileID: 100100000, guid: 8c32640ae461f14439bdfae3ef1ec5c8, type: 3}
--- !u!224 &7052590614682108080 stripped
RectTransform:
  m_CorrespondingSourceObject: {fileID: 6572907904241029414, guid: 8c32640ae461f14439bdfae3ef1ec5c8,
    type: 3}
  m_PrefabInstance: {fileID: 4244780251961708950}
  m_PrefabAsset: {fileID: 0}
--- !u!1001 &4244780252006534657
PrefabInstance:
  m_ObjectHideFlags: 0
  serializedVersion: 2
  m_Modification:
    m_TransformParent: {fileID: 4244780252618807915}
    m_Modifications:
    - target: {fileID: 6572907904241029415, guid: 8c32640ae461f14439bdfae3ef1ec5c8,
        type: 3}
      propertyPath: m_Name
      value: Score3
      objectReference: {fileID: 0}
    - target: {fileID: 6572907904241029414, guid: 8c32640ae461f14439bdfae3ef1ec5c8,
        type: 3}
      propertyPath: m_LocalPosition.x
      value: 0
      objectReference: {fileID: 0}
    - target: {fileID: 6572907904241029414, guid: 8c32640ae461f14439bdfae3ef1ec5c8,
        type: 3}
      propertyPath: m_LocalPosition.y
      value: 0
      objectReference: {fileID: 0}
    - target: {fileID: 6572907904241029414, guid: 8c32640ae461f14439bdfae3ef1ec5c8,
        type: 3}
      propertyPath: m_LocalPosition.z
      value: 0
      objectReference: {fileID: 0}
    - target: {fileID: 6572907904241029414, guid: 8c32640ae461f14439bdfae3ef1ec5c8,
        type: 3}
      propertyPath: m_LocalRotation.x
      value: -0
      objectReference: {fileID: 0}
    - target: {fileID: 6572907904241029414, guid: 8c32640ae461f14439bdfae3ef1ec5c8,
        type: 3}
      propertyPath: m_LocalRotation.y
      value: -0
      objectReference: {fileID: 0}
    - target: {fileID: 6572907904241029414, guid: 8c32640ae461f14439bdfae3ef1ec5c8,
        type: 3}
      propertyPath: m_LocalRotation.z
      value: -0
      objectReference: {fileID: 0}
    - target: {fileID: 6572907904241029414, guid: 8c32640ae461f14439bdfae3ef1ec5c8,
        type: 3}
      propertyPath: m_LocalRotation.w
      value: 1
      objectReference: {fileID: 0}
    - target: {fileID: 6572907904241029414, guid: 8c32640ae461f14439bdfae3ef1ec5c8,
        type: 3}
      propertyPath: m_RootOrder
      value: 2
      objectReference: {fileID: 0}
    - target: {fileID: 6572907904241029414, guid: 8c32640ae461f14439bdfae3ef1ec5c8,
        type: 3}
      propertyPath: m_LocalEulerAnglesHint.x
      value: 0
      objectReference: {fileID: 0}
    - target: {fileID: 6572907904241029414, guid: 8c32640ae461f14439bdfae3ef1ec5c8,
        type: 3}
      propertyPath: m_LocalEulerAnglesHint.y
      value: 0
      objectReference: {fileID: 0}
    - target: {fileID: 6572907904241029414, guid: 8c32640ae461f14439bdfae3ef1ec5c8,
        type: 3}
      propertyPath: m_LocalEulerAnglesHint.z
      value: 0
      objectReference: {fileID: 0}
    - target: {fileID: 6572907904241029414, guid: 8c32640ae461f14439bdfae3ef1ec5c8,
        type: 3}
      propertyPath: m_AnchoredPosition.x
      value: -13
      objectReference: {fileID: 0}
    - target: {fileID: 6572907904241029414, guid: 8c32640ae461f14439bdfae3ef1ec5c8,
        type: 3}
      propertyPath: m_AnchoredPosition.y
      value: 13.2
      objectReference: {fileID: 0}
    - target: {fileID: 6572907904241029414, guid: 8c32640ae461f14439bdfae3ef1ec5c8,
        type: 3}
      propertyPath: m_SizeDelta.x
      value: 100
      objectReference: {fileID: 0}
    - target: {fileID: 6572907904241029414, guid: 8c32640ae461f14439bdfae3ef1ec5c8,
        type: 3}
      propertyPath: m_SizeDelta.y
      value: 16.65
      objectReference: {fileID: 0}
    - target: {fileID: 6572907904241029414, guid: 8c32640ae461f14439bdfae3ef1ec5c8,
        type: 3}
      propertyPath: m_AnchorMin.x
      value: 0.5
      objectReference: {fileID: 0}
    - target: {fileID: 6572907904241029414, guid: 8c32640ae461f14439bdfae3ef1ec5c8,
        type: 3}
      propertyPath: m_AnchorMin.y
      value: 0.5
      objectReference: {fileID: 0}
    - target: {fileID: 6572907904241029414, guid: 8c32640ae461f14439bdfae3ef1ec5c8,
        type: 3}
      propertyPath: m_AnchorMax.x
      value: 0.5
      objectReference: {fileID: 0}
    - target: {fileID: 6572907904241029414, guid: 8c32640ae461f14439bdfae3ef1ec5c8,
        type: 3}
      propertyPath: m_AnchorMax.y
      value: 0.5
      objectReference: {fileID: 0}
    - target: {fileID: 6572907904241029414, guid: 8c32640ae461f14439bdfae3ef1ec5c8,
        type: 3}
      propertyPath: m_Pivot.x
      value: 0.5
      objectReference: {fileID: 0}
    - target: {fileID: 6572907904241029414, guid: 8c32640ae461f14439bdfae3ef1ec5c8,
        type: 3}
      propertyPath: m_Pivot.y
      value: 0.5
      objectReference: {fileID: 0}
    m_RemovedComponents: []
  m_SourcePrefab: {fileID: 100100000, guid: 8c32640ae461f14439bdfae3ef1ec5c8, type: 3}
--- !u!224 &7052590614639386407 stripped
RectTransform:
  m_CorrespondingSourceObject: {fileID: 6572907904241029414, guid: 8c32640ae461f14439bdfae3ef1ec5c8,
    type: 3}
  m_PrefabInstance: {fileID: 4244780252006534657}
  m_PrefabAsset: {fileID: 0}
--- !u!1001 &4244780252458779243
PrefabInstance:
  m_ObjectHideFlags: 0
  serializedVersion: 2
  m_Modification:
    m_TransformParent: {fileID: 4244780252618807915}
    m_Modifications:
    - target: {fileID: 6572907904241029415, guid: 8c32640ae461f14439bdfae3ef1ec5c8,
        type: 3}
      propertyPath: m_Name
      value: Score6
      objectReference: {fileID: 0}
    - target: {fileID: 6572907904241029414, guid: 8c32640ae461f14439bdfae3ef1ec5c8,
        type: 3}
      propertyPath: m_LocalPosition.x
      value: 0
      objectReference: {fileID: 0}
    - target: {fileID: 6572907904241029414, guid: 8c32640ae461f14439bdfae3ef1ec5c8,
        type: 3}
      propertyPath: m_LocalPosition.y
      value: 0
      objectReference: {fileID: 0}
    - target: {fileID: 6572907904241029414, guid: 8c32640ae461f14439bdfae3ef1ec5c8,
        type: 3}
      propertyPath: m_LocalPosition.z
      value: 0
      objectReference: {fileID: 0}
    - target: {fileID: 6572907904241029414, guid: 8c32640ae461f14439bdfae3ef1ec5c8,
        type: 3}
      propertyPath: m_LocalRotation.x
      value: -0
      objectReference: {fileID: 0}
    - target: {fileID: 6572907904241029414, guid: 8c32640ae461f14439bdfae3ef1ec5c8,
        type: 3}
      propertyPath: m_LocalRotation.y
      value: -0
      objectReference: {fileID: 0}
    - target: {fileID: 6572907904241029414, guid: 8c32640ae461f14439bdfae3ef1ec5c8,
        type: 3}
      propertyPath: m_LocalRotation.z
      value: -0
      objectReference: {fileID: 0}
    - target: {fileID: 6572907904241029414, guid: 8c32640ae461f14439bdfae3ef1ec5c8,
        type: 3}
      propertyPath: m_LocalRotation.w
      value: 1
      objectReference: {fileID: 0}
    - target: {fileID: 6572907904241029414, guid: 8c32640ae461f14439bdfae3ef1ec5c8,
        type: 3}
      propertyPath: m_RootOrder
      value: 5
      objectReference: {fileID: 0}
    - target: {fileID: 6572907904241029414, guid: 8c32640ae461f14439bdfae3ef1ec5c8,
        type: 3}
      propertyPath: m_LocalEulerAnglesHint.x
      value: 0
      objectReference: {fileID: 0}
    - target: {fileID: 6572907904241029414, guid: 8c32640ae461f14439bdfae3ef1ec5c8,
        type: 3}
      propertyPath: m_LocalEulerAnglesHint.y
      value: 0
      objectReference: {fileID: 0}
    - target: {fileID: 6572907904241029414, guid: 8c32640ae461f14439bdfae3ef1ec5c8,
        type: 3}
      propertyPath: m_LocalEulerAnglesHint.z
      value: 0
      objectReference: {fileID: 0}
    - target: {fileID: 6572907904241029414, guid: 8c32640ae461f14439bdfae3ef1ec5c8,
        type: 3}
      propertyPath: m_AnchoredPosition.x
      value: -13
      objectReference: {fileID: 0}
    - target: {fileID: 6572907904241029414, guid: 8c32640ae461f14439bdfae3ef1ec5c8,
        type: 3}
      propertyPath: m_AnchoredPosition.y
      value: -46.8
      objectReference: {fileID: 0}
    - target: {fileID: 6572907904241029414, guid: 8c32640ae461f14439bdfae3ef1ec5c8,
        type: 3}
      propertyPath: m_SizeDelta.x
      value: 100
      objectReference: {fileID: 0}
    - target: {fileID: 6572907904241029414, guid: 8c32640ae461f14439bdfae3ef1ec5c8,
        type: 3}
      propertyPath: m_SizeDelta.y
      value: 16.65
      objectReference: {fileID: 0}
    - target: {fileID: 6572907904241029414, guid: 8c32640ae461f14439bdfae3ef1ec5c8,
        type: 3}
      propertyPath: m_AnchorMin.x
      value: 0.5
      objectReference: {fileID: 0}
    - target: {fileID: 6572907904241029414, guid: 8c32640ae461f14439bdfae3ef1ec5c8,
        type: 3}
      propertyPath: m_AnchorMin.y
      value: 0.5
      objectReference: {fileID: 0}
    - target: {fileID: 6572907904241029414, guid: 8c32640ae461f14439bdfae3ef1ec5c8,
        type: 3}
      propertyPath: m_AnchorMax.x
      value: 0.5
      objectReference: {fileID: 0}
    - target: {fileID: 6572907904241029414, guid: 8c32640ae461f14439bdfae3ef1ec5c8,
        type: 3}
      propertyPath: m_AnchorMax.y
      value: 0.5
      objectReference: {fileID: 0}
    - target: {fileID: 6572907904241029414, guid: 8c32640ae461f14439bdfae3ef1ec5c8,
        type: 3}
      propertyPath: m_Pivot.x
      value: 0.5
      objectReference: {fileID: 0}
    - target: {fileID: 6572907904241029414, guid: 8c32640ae461f14439bdfae3ef1ec5c8,
        type: 3}
      propertyPath: m_Pivot.y
      value: 0.5
      objectReference: {fileID: 0}
    m_RemovedComponents: []
  m_SourcePrefab: {fileID: 100100000, guid: 8c32640ae461f14439bdfae3ef1ec5c8, type: 3}
--- !u!224 &7052590615191802701 stripped
RectTransform:
  m_CorrespondingSourceObject: {fileID: 6572907904241029414, guid: 8c32640ae461f14439bdfae3ef1ec5c8,
    type: 3}
  m_PrefabInstance: {fileID: 4244780252458779243}
  m_PrefabAsset: {fileID: 0}
--- !u!1001 &4244780252722406886
PrefabInstance:
  m_ObjectHideFlags: 0
  serializedVersion: 2
  m_Modification:
    m_TransformParent: {fileID: 4244780252618807915}
    m_Modifications:
    - target: {fileID: 6572907904241029415, guid: 8c32640ae461f14439bdfae3ef1ec5c8,
        type: 3}
      propertyPath: m_Name
      value: Score5
      objectReference: {fileID: 0}
    - target: {fileID: 6572907904241029414, guid: 8c32640ae461f14439bdfae3ef1ec5c8,
        type: 3}
      propertyPath: m_LocalPosition.x
      value: 0
      objectReference: {fileID: 0}
    - target: {fileID: 6572907904241029414, guid: 8c32640ae461f14439bdfae3ef1ec5c8,
        type: 3}
      propertyPath: m_LocalPosition.y
      value: 0
      objectReference: {fileID: 0}
    - target: {fileID: 6572907904241029414, guid: 8c32640ae461f14439bdfae3ef1ec5c8,
        type: 3}
      propertyPath: m_LocalPosition.z
      value: 0
      objectReference: {fileID: 0}
    - target: {fileID: 6572907904241029414, guid: 8c32640ae461f14439bdfae3ef1ec5c8,
        type: 3}
      propertyPath: m_LocalRotation.x
      value: -0
      objectReference: {fileID: 0}
    - target: {fileID: 6572907904241029414, guid: 8c32640ae461f14439bdfae3ef1ec5c8,
        type: 3}
      propertyPath: m_LocalRotation.y
      value: -0
      objectReference: {fileID: 0}
    - target: {fileID: 6572907904241029414, guid: 8c32640ae461f14439bdfae3ef1ec5c8,
        type: 3}
      propertyPath: m_LocalRotation.z
      value: -0
      objectReference: {fileID: 0}
    - target: {fileID: 6572907904241029414, guid: 8c32640ae461f14439bdfae3ef1ec5c8,
        type: 3}
      propertyPath: m_LocalRotation.w
      value: 1
      objectReference: {fileID: 0}
    - target: {fileID: 6572907904241029414, guid: 8c32640ae461f14439bdfae3ef1ec5c8,
        type: 3}
      propertyPath: m_RootOrder
      value: 4
      objectReference: {fileID: 0}
    - target: {fileID: 6572907904241029414, guid: 8c32640ae461f14439bdfae3ef1ec5c8,
        type: 3}
      propertyPath: m_LocalEulerAnglesHint.x
      value: 0
      objectReference: {fileID: 0}
    - target: {fileID: 6572907904241029414, guid: 8c32640ae461f14439bdfae3ef1ec5c8,
        type: 3}
      propertyPath: m_LocalEulerAnglesHint.y
      value: 0
      objectReference: {fileID: 0}
    - target: {fileID: 6572907904241029414, guid: 8c32640ae461f14439bdfae3ef1ec5c8,
        type: 3}
      propertyPath: m_LocalEulerAnglesHint.z
      value: 0
      objectReference: {fileID: 0}
    - target: {fileID: 6572907904241029414, guid: 8c32640ae461f14439bdfae3ef1ec5c8,
        type: 3}
      propertyPath: m_AnchoredPosition.x
      value: -13
      objectReference: {fileID: 0}
    - target: {fileID: 6572907904241029414, guid: 8c32640ae461f14439bdfae3ef1ec5c8,
        type: 3}
      propertyPath: m_AnchoredPosition.y
      value: -26.8
      objectReference: {fileID: 0}
    - target: {fileID: 6572907904241029414, guid: 8c32640ae461f14439bdfae3ef1ec5c8,
        type: 3}
      propertyPath: m_SizeDelta.x
      value: 100
      objectReference: {fileID: 0}
    - target: {fileID: 6572907904241029414, guid: 8c32640ae461f14439bdfae3ef1ec5c8,
        type: 3}
      propertyPath: m_SizeDelta.y
      value: 16.65
      objectReference: {fileID: 0}
    - target: {fileID: 6572907904241029414, guid: 8c32640ae461f14439bdfae3ef1ec5c8,
        type: 3}
      propertyPath: m_AnchorMin.x
      value: 0.5
      objectReference: {fileID: 0}
    - target: {fileID: 6572907904241029414, guid: 8c32640ae461f14439bdfae3ef1ec5c8,
        type: 3}
      propertyPath: m_AnchorMin.y
      value: 0.5
      objectReference: {fileID: 0}
    - target: {fileID: 6572907904241029414, guid: 8c32640ae461f14439bdfae3ef1ec5c8,
        type: 3}
      propertyPath: m_AnchorMax.x
      value: 0.5
      objectReference: {fileID: 0}
    - target: {fileID: 6572907904241029414, guid: 8c32640ae461f14439bdfae3ef1ec5c8,
        type: 3}
      propertyPath: m_AnchorMax.y
      value: 0.5
      objectReference: {fileID: 0}
    - target: {fileID: 6572907904241029414, guid: 8c32640ae461f14439bdfae3ef1ec5c8,
        type: 3}
      propertyPath: m_Pivot.x
      value: 0.5
      objectReference: {fileID: 0}
    - target: {fileID: 6572907904241029414, guid: 8c32640ae461f14439bdfae3ef1ec5c8,
        type: 3}
      propertyPath: m_Pivot.y
      value: 0.5
      objectReference: {fileID: 0}
    m_RemovedComponents: []
  m_SourcePrefab: {fileID: 100100000, guid: 8c32640ae461f14439bdfae3ef1ec5c8, type: 3}
--- !u!224 &7052590615459558592 stripped
RectTransform:
  m_CorrespondingSourceObject: {fileID: 6572907904241029414, guid: 8c32640ae461f14439bdfae3ef1ec5c8,
    type: 3}
  m_PrefabInstance: {fileID: 4244780252722406886}
  m_PrefabAsset: {fileID: 0}
--- !u!1001 &4244780252974458130
PrefabInstance:
  m_ObjectHideFlags: 0
  serializedVersion: 2
  m_Modification:
    m_TransformParent: {fileID: 4244780252618807915}
    m_Modifications:
    - target: {fileID: 6572907904241029415, guid: 8c32640ae461f14439bdfae3ef1ec5c8,
        type: 3}
      propertyPath: m_Name
      value: Score4
      objectReference: {fileID: 0}
    - target: {fileID: 6572907904241029414, guid: 8c32640ae461f14439bdfae3ef1ec5c8,
        type: 3}
      propertyPath: m_LocalPosition.x
      value: 0
      objectReference: {fileID: 0}
    - target: {fileID: 6572907904241029414, guid: 8c32640ae461f14439bdfae3ef1ec5c8,
        type: 3}
      propertyPath: m_LocalPosition.y
      value: 0
      objectReference: {fileID: 0}
    - target: {fileID: 6572907904241029414, guid: 8c32640ae461f14439bdfae3ef1ec5c8,
        type: 3}
      propertyPath: m_LocalPosition.z
      value: 0
      objectReference: {fileID: 0}
    - target: {fileID: 6572907904241029414, guid: 8c32640ae461f14439bdfae3ef1ec5c8,
        type: 3}
      propertyPath: m_LocalRotation.x
      value: -0
      objectReference: {fileID: 0}
    - target: {fileID: 6572907904241029414, guid: 8c32640ae461f14439bdfae3ef1ec5c8,
        type: 3}
      propertyPath: m_LocalRotation.y
      value: -0
      objectReference: {fileID: 0}
    - target: {fileID: 6572907904241029414, guid: 8c32640ae461f14439bdfae3ef1ec5c8,
        type: 3}
      propertyPath: m_LocalRotation.z
      value: -0
      objectReference: {fileID: 0}
    - target: {fileID: 6572907904241029414, guid: 8c32640ae461f14439bdfae3ef1ec5c8,
        type: 3}
      propertyPath: m_LocalRotation.w
      value: 1
      objectReference: {fileID: 0}
    - target: {fileID: 6572907904241029414, guid: 8c32640ae461f14439bdfae3ef1ec5c8,
        type: 3}
      propertyPath: m_RootOrder
      value: 3
      objectReference: {fileID: 0}
    - target: {fileID: 6572907904241029414, guid: 8c32640ae461f14439bdfae3ef1ec5c8,
        type: 3}
      propertyPath: m_LocalEulerAnglesHint.x
      value: 0
      objectReference: {fileID: 0}
    - target: {fileID: 6572907904241029414, guid: 8c32640ae461f14439bdfae3ef1ec5c8,
        type: 3}
      propertyPath: m_LocalEulerAnglesHint.y
      value: 0
      objectReference: {fileID: 0}
    - target: {fileID: 6572907904241029414, guid: 8c32640ae461f14439bdfae3ef1ec5c8,
        type: 3}
      propertyPath: m_LocalEulerAnglesHint.z
      value: 0
      objectReference: {fileID: 0}
    - target: {fileID: 6572907904241029414, guid: 8c32640ae461f14439bdfae3ef1ec5c8,
        type: 3}
      propertyPath: m_AnchoredPosition.x
      value: -13
      objectReference: {fileID: 0}
    - target: {fileID: 6572907904241029414, guid: 8c32640ae461f14439bdfae3ef1ec5c8,
        type: 3}
      propertyPath: m_AnchoredPosition.y
      value: -6.8
      objectReference: {fileID: 0}
    - target: {fileID: 6572907904241029414, guid: 8c32640ae461f14439bdfae3ef1ec5c8,
        type: 3}
      propertyPath: m_SizeDelta.x
      value: 100
      objectReference: {fileID: 0}
    - target: {fileID: 6572907904241029414, guid: 8c32640ae461f14439bdfae3ef1ec5c8,
        type: 3}
      propertyPath: m_SizeDelta.y
      value: 16.65
      objectReference: {fileID: 0}
    - target: {fileID: 6572907904241029414, guid: 8c32640ae461f14439bdfae3ef1ec5c8,
        type: 3}
      propertyPath: m_AnchorMin.x
      value: 0.5
      objectReference: {fileID: 0}
    - target: {fileID: 6572907904241029414, guid: 8c32640ae461f14439bdfae3ef1ec5c8,
        type: 3}
      propertyPath: m_AnchorMin.y
      value: 0.5
      objectReference: {fileID: 0}
    - target: {fileID: 6572907904241029414, guid: 8c32640ae461f14439bdfae3ef1ec5c8,
        type: 3}
      propertyPath: m_AnchorMax.x
      value: 0.5
      objectReference: {fileID: 0}
    - target: {fileID: 6572907904241029414, guid: 8c32640ae461f14439bdfae3ef1ec5c8,
        type: 3}
      propertyPath: m_AnchorMax.y
      value: 0.5
      objectReference: {fileID: 0}
    - target: {fileID: 6572907904241029414, guid: 8c32640ae461f14439bdfae3ef1ec5c8,
        type: 3}
      propertyPath: m_Pivot.x
      value: 0.5
      objectReference: {fileID: 0}
    - target: {fileID: 6572907904241029414, guid: 8c32640ae461f14439bdfae3ef1ec5c8,
        type: 3}
      propertyPath: m_Pivot.y
      value: 0.5
      objectReference: {fileID: 0}
    m_RemovedComponents: []
  m_SourcePrefab: {fileID: 100100000, guid: 8c32640ae461f14439bdfae3ef1ec5c8, type: 3}
--- !u!224 &7052590615741494324 stripped
RectTransform:
  m_CorrespondingSourceObject: {fileID: 6572907904241029414, guid: 8c32640ae461f14439bdfae3ef1ec5c8,
    type: 3}
  m_PrefabInstance: {fileID: 4244780252974458130}
  m_PrefabAsset: {fileID: 0}
--- !u!1001 &7052590614347013383
PrefabInstance:
  m_ObjectHideFlags: 0
  serializedVersion: 2
  m_Modification:
    m_TransformParent: {fileID: 4244780252618807915}
    m_Modifications:
    - target: {fileID: 6572907904241029415, guid: 8c32640ae461f14439bdfae3ef1ec5c8,
        type: 3}
      propertyPath: m_Name
      value: Score1
      objectReference: {fileID: 0}
    - target: {fileID: 6572907904241029414, guid: 8c32640ae461f14439bdfae3ef1ec5c8,
        type: 3}
      propertyPath: m_LocalPosition.x
      value: 0
      objectReference: {fileID: 0}
    - target: {fileID: 6572907904241029414, guid: 8c32640ae461f14439bdfae3ef1ec5c8,
        type: 3}
      propertyPath: m_LocalPosition.y
      value: 0
      objectReference: {fileID: 0}
    - target: {fileID: 6572907904241029414, guid: 8c32640ae461f14439bdfae3ef1ec5c8,
        type: 3}
      propertyPath: m_LocalPosition.z
      value: 0
      objectReference: {fileID: 0}
    - target: {fileID: 6572907904241029414, guid: 8c32640ae461f14439bdfae3ef1ec5c8,
        type: 3}
      propertyPath: m_LocalRotation.x
      value: -0
      objectReference: {fileID: 0}
    - target: {fileID: 6572907904241029414, guid: 8c32640ae461f14439bdfae3ef1ec5c8,
        type: 3}
      propertyPath: m_LocalRotation.y
      value: -0
      objectReference: {fileID: 0}
    - target: {fileID: 6572907904241029414, guid: 8c32640ae461f14439bdfae3ef1ec5c8,
        type: 3}
      propertyPath: m_LocalRotation.z
      value: -0
      objectReference: {fileID: 0}
    - target: {fileID: 6572907904241029414, guid: 8c32640ae461f14439bdfae3ef1ec5c8,
        type: 3}
      propertyPath: m_LocalRotation.w
      value: 1
      objectReference: {fileID: 0}
    - target: {fileID: 6572907904241029414, guid: 8c32640ae461f14439bdfae3ef1ec5c8,
        type: 3}
      propertyPath: m_RootOrder
      value: 0
      objectReference: {fileID: 0}
    - target: {fileID: 6572907904241029414, guid: 8c32640ae461f14439bdfae3ef1ec5c8,
        type: 3}
      propertyPath: m_LocalEulerAnglesHint.x
      value: 0
      objectReference: {fileID: 0}
    - target: {fileID: 6572907904241029414, guid: 8c32640ae461f14439bdfae3ef1ec5c8,
        type: 3}
      propertyPath: m_LocalEulerAnglesHint.y
      value: 0
      objectReference: {fileID: 0}
    - target: {fileID: 6572907904241029414, guid: 8c32640ae461f14439bdfae3ef1ec5c8,
        type: 3}
      propertyPath: m_LocalEulerAnglesHint.z
      value: 0
      objectReference: {fileID: 0}
    - target: {fileID: 6572907904241029414, guid: 8c32640ae461f14439bdfae3ef1ec5c8,
        type: 3}
      propertyPath: m_AnchoredPosition.x
      value: -13
      objectReference: {fileID: 0}
    - target: {fileID: 6572907904241029414, guid: 8c32640ae461f14439bdfae3ef1ec5c8,
        type: 3}
      propertyPath: m_AnchoredPosition.y
      value: 53.2
      objectReference: {fileID: 0}
    - target: {fileID: 6572907904241029414, guid: 8c32640ae461f14439bdfae3ef1ec5c8,
        type: 3}
      propertyPath: m_SizeDelta.x
      value: 100
      objectReference: {fileID: 0}
    - target: {fileID: 6572907904241029414, guid: 8c32640ae461f14439bdfae3ef1ec5c8,
        type: 3}
      propertyPath: m_SizeDelta.y
      value: 16.65
      objectReference: {fileID: 0}
    - target: {fileID: 6572907904241029414, guid: 8c32640ae461f14439bdfae3ef1ec5c8,
        type: 3}
      propertyPath: m_AnchorMin.x
      value: 0.5
      objectReference: {fileID: 0}
    - target: {fileID: 6572907904241029414, guid: 8c32640ae461f14439bdfae3ef1ec5c8,
        type: 3}
      propertyPath: m_AnchorMin.y
      value: 0.5
      objectReference: {fileID: 0}
    - target: {fileID: 6572907904241029414, guid: 8c32640ae461f14439bdfae3ef1ec5c8,
        type: 3}
      propertyPath: m_AnchorMax.x
      value: 0.5
      objectReference: {fileID: 0}
    - target: {fileID: 6572907904241029414, guid: 8c32640ae461f14439bdfae3ef1ec5c8,
        type: 3}
      propertyPath: m_AnchorMax.y
      value: 0.5
      objectReference: {fileID: 0}
    - target: {fileID: 6572907904241029414, guid: 8c32640ae461f14439bdfae3ef1ec5c8,
        type: 3}
      propertyPath: m_Pivot.x
      value: 0.5
      objectReference: {fileID: 0}
    - target: {fileID: 6572907904241029414, guid: 8c32640ae461f14439bdfae3ef1ec5c8,
        type: 3}
      propertyPath: m_Pivot.y
      value: 0.5
      objectReference: {fileID: 0}
    m_RemovedComponents: []
  m_SourcePrefab: {fileID: 100100000, guid: 8c32640ae461f14439bdfae3ef1ec5c8, type: 3}
--- !u!224 &4244780251760856097 stripped
RectTransform:
  m_CorrespondingSourceObject: {fileID: 6572907904241029414, guid: 8c32640ae461f14439bdfae3ef1ec5c8,
    type: 3}
  m_PrefabInstance: {fileID: 7052590614347013383}
  m_PrefabAsset: {fileID: 0}
